/home/buendgen/doku/BIB/rewrite.bib