/home/buendgen/doku/BIB/systems.bib